
@article{shwartz2020you,
  title={" You are grounded!": Latent Name Artifacts in Pre-trained Language Models},
  author={Shwartz, Vered and Rudinger, Rachel and Tafjord, Oyvind},
  journal={arXiv preprint arXiv:2004.03012},
  year={2020}
}
