@inproceedings{bender2020climbing,
  title={Climbing towards NLU: On meaning, form, and understanding in the age of data},
  author={Bender, Emily M and Koller, Alexander},
  booktitle={Proceedings of the 58th Annual Meeting of the Association for Computational Linguistics},
  pages={5185--5198},
  year={2020}
}
