@inproceedings{checklist:acl20,
 author = {Marco Tulio Ribeiro and Tongshuang Wu and Carlos Guestrin and Sameer Singh},
 title = { Beyond Accuracy: Behavioral Testing of NLP models with CheckList},
 booktitle = {Association for Computational Linguistics (ACL)},
 year = {2020}
}
