@inproceedings{nguyen2017robust,
  title={Robust classification of crisis-related data on social networks using convolutional neural networks},
  author={Nguyen, Dat and Al Mannai, Kamela Ali and Joty, Shafiq and Sajjad, Hassan and Imran, Muhammad and Mitra, Prasenjit},
  booktitle={Proceedings of the International AAAI Conference on Web and Social Media},
  volume={11},
  number={1},
  year={2017}
}

@inproceedings{humaid2020,
Author = {Firoj Alam Umair Qazi Muhammad Imran and Ferda Ofli},
Booktitle = {15th International Conference on Web and Social Media (ICWSM)},
Keywords = {Social Media, Crisis Computing, Tweet Text Classification, Disaster Response},
Title = {HumAID: Human-Annotated Disaster Incidents Data from Twitter},
Year = {2021}

}

@article{schulz2014,
author = {Schulz, A. and Menc√≠a, E.L. and Dang, T.T. and Schmidt, B.},
year = {2014},
month = {01},
pages = {26-33},
title = {Evaluating multi-label classification of incident-related tweets},
volume = {1141},
journal = {}
}

@INPROCEEDINGS{interdonato2018,
  author={R. {Interdonato} and A. {Doucet} and J. {Guillaume}},
  booktitle={2018 IEEE/ACM International Conference on Advances in Social Networks Analysis and Mining (ASONAM)}, 
  title={Unsupervised Crisis Information Extraction from Twitter Data}, 
  year={2018},
  volume={},
  number={},
  pages={579-580},
  doi={10.1109/ASONAM.2018.8508261}
}

@Article{kruspe2020,
AUTHOR = {Kruspe, A. and Kersten, J. and Klan, F.},
TITLE = {Review article: Detection of informative tweets in crisis events},
JOURNAL = {Natural Hazards and Earth System Sciences Discussions},
VOLUME = {2020},
YEAR = {2020},
PAGES = {1--18},
URL = {https://nhess.copernicus.org/preprints/nhess-2020-214/},
DOI = {10.5194/nhess-2020-214}
}

@ARTICLE{middleton2014,
  author={S. E. {Middleton} and L. {Middleton} and S. {Modafferi}},
  journal={IEEE Intelligent Systems}, 
  title={Real-Time Crisis Mapping of Natural Disasters Using Social Media}, 
  year={2014},
  volume={29},
  number={2},
  pages={9-17},
  doi={10.1109/MIS.2013.126}
  }

@INPROCEEDINGS{corso2017,
  author={E. {Di Corso} and F. {Ventura} and T. {Cerquitelli}},
  booktitle={2017 IEEE International Conference on Big Data (Big Data)}, 
  title={All in a twitter: Self-tuning strategies for a deeper understanding of a crisis tweet collection}, 
  year={2017},
  volume={},
  number={},
  pages={3722-3726},
  doi={10.1109/BigData.2017.8258369}
}
