% Used
@article{brants2007large,
  title={Large language models in machine translation},
  author={Brants, Thorsten and Popat, Ashok C and Xu, Peng and Och, Franz J and Dean, Jeffrey},
  year={2007},
  journal ={ArXiv}
}

@inproceedings{ponte1998language,
  title={A language modeling approach to information retrieval},
  author={Ponte, Jay M and Croft, W Bruce},
  booktitle={Proceedings of the 21st annual international ACM SIGIR conference on Research and development in information retrieval},
  pages={275--281},
  year={1998}
}

@article{chen1999empirical,
  title={An empirical study of smoothing techniques for language modeling},
  author={Chen, Stanley F and Goodman, Joshua},
  journal={Computer Speech \& Language},
  volume={13},
  number={4},
  pages={359--394},
  year={1999},
  publisher={Elsevier}
}

@inproceedings{jelinek1980interpolated,
  title={Interpolated estimation of Markov source parameters from sparse data},
  author={Jelinek, Frederick},
  booktitle={Proc. Workshop on Pattern Recognition in Practice, 1980},
  year={1980}
}

@article{katz1987estimation,
  title={Estimation of probabilities from sparse data for the language model component of a speech recognizer},
  author={Katz, Slava},
  journal={IEEE transactions on acoustics, speech, and signal processing},
  volume={35},
  number={3},
  pages={400--401},
  year={1987},
  publisher={IEEE}
}

@inproceedings{kneser1995improved,
  title={Improved backing-off for m-gram language modeling},
  author={Kneser, Reinhard and Ney, Hermann},
  booktitle={1995 international conference on acoustics, speech, and signal processing},
  volume={1},
  pages={181--184},
  year={1995},
  organization={IEEE}
}

@article{mackay1995hierarchical,
  title={A hierarchical Dirichlet language model.},
  author={MacKay, David JC and Peto, Linda C Bauman},
  journal={Nat. Lang. Eng.},
  volume={1},
  number={3},
  pages={289--308},
  year={1995},
  publisher={Citeseer}
}
