
@MISC{LilianWeng,
    author = {{Lilian Weng}},
    title = {From Autoencoder to Beta VAE},
    year = {2018},
    note = {[Online; accessed Dec. 8, 2020]},
    url = {https://lilianweng.github.io/lil-log/2018/08/12/from-autoencoder-to-beta-vae.html}
}

@article{higgins2016beta,
  title={beta-vae: Learning basic visual concepts with a constrained variational framework},
  author={Higgins, Irina and Matthey, Loic and Pal, Arka and Burgess, Christopher and Glorot, Xavier and Botvinick, Matthew and Mohamed, Shakir and Lerchner, Alexander},
  year={2016},
  journal ={something}
}

@article{kingma2013auto,
  title={Auto-encoding variational bayes},
  author={Kingma, Diederik P and Welling, Max},
  journal={arXiv preprint arXiv:1312.6114},
  year={2013}
}

@inproceedings{ballard1987modular,
  title={Modular Learning in Neural Networks.},
  author={Ballard, Dana H},
  booktitle={AAAI},
  pages={279--284},
  year={1987}
}

@inproceedings{loaiza2019continuous,
  title={The continuous Bernoulli: fixing a pervasive error in variational autoencoders},
  author={Loaiza-Ganem, Gabriel and Cunningham, John P},
  booktitle={Advances in Neural Information Processing Systems},
  pages={13287--13297},
  year={2019}
}



